
@article{TaiSM15,
  author    = {Kai Sheng Tai and
               Richard Socher and
               Christopher D. Manning},
  title     = {Improved Semantic Representations From Tree-Structured Long Short-Term
               Memory Networks},
  journal   = {CoRR},
  volume    = {abs/1503.00075},
  year      = {2015},
  url       = {http://arxiv.org/abs/1503.00075},
  archivePrefix = {arXiv},
  eprint    = {1503.00075},
  timestamp = {Mon, 13 Aug 2018 16:48:20 +0200},
  biburl    = {https://dblp.org/rec/journals/corr/TaiSM15.bib},
  bibsource = {dblp computer science bibliography, https://dblp.org}
}
